@article{zielonka1998,
  author    = {Wies≈Çaw Zielonka},
  title     = {Infinite Games on Finitely Coloured Graphs with Applications
               to Automata on Infinite Trees},
  journal   = {Theor. Comput. Sci.},
  volume    = {200},
  number    = {1-2},
  year      = {1998},
  pages     = {135-183},
  ee        = {http://dx.doi.org/10.1016/S0304-3975(98)00009-7},
  bibsource = {DBLP, http://dblp.uni-trier.de}
}
@unpublished{kreutzer2015,
  author    = {Stephan Kreutzer},
  title     = {Logik},
  note      = {Lecture notes for a course on mathematical logic in computer science at Technische Universit\"at Berlin (in German)},
  year      = 2015
}
@inproceedings{automata2002/kuesters,
  author    = {Ralf K{\"u}sters},
  title     = {Memoryless Determinacy of Parity Games},
  booktitle = {Automata, Logics, and Infinite Games},
  year      = {2001},
  pages     = {95-106},
  ee        = {http://dx.doi.org/10.1007/3-540-36387-4_6},
  crossref  = {automata2002},
  bibsource = {DBLP, http://dblp.uni-trier.de}
}
@proceedings{automata2002,
  editor    = {Erich Gr{\"a}del and
               Wolfgang Thomas and
               Thomas Wilke},
  title     = {Automata, Logics, and Infinite Games: A Guide to Current
               Research [outcome of a Dagstuhl seminar, February 2001]},
  booktitle = {Automata, Logics, and Infinite Games},
  publisher = {Springer},
  series    = {Lecture Notes in Computer Science},
  volume    = {2500},
  year      = {2002},
  isbn      = {3-540-00388-6},
  bibsource = {DBLP, http://dblp.uni-trier.de}
}
